@article{schonberg2012decreasing,
  title={Decreasing ventromedial prefrontal cortex activity during sequential risk-taking: an fMRI investigation of the balloon analog risk task},
  author={Schonberg, Tom and Fox, Craig R and Mumford, Jeanette A and Congdon, Eliza and Trepel, Christopher and Poldrack, Russell A},
  journal={Frontiers in neuroscience},
  volume={6},
  pages={80},
  year={2012},
  publisher={Frontiers}
}

@article{bowring2019exploring,
  title={Exploring the Impact of Analysis Software on Task {fMRI} Results},
  author={Bowring, Alexander and Maumet, Camille and Nichols, Thomas E},
  journal={Human Brain Mapping},
  volume={40},
  pages={1--23},
  year={2019},
  publisher={Wiley Online Library}

}

@article{bowring2021isolating,
  title={Isolating the Sources of Pipeline-Variability in Group-Level Task-fMRI results},
  author={Bowring, Alexander and Nichols, Thomas and Maumet, Camille},
  year={2021}
}

@article{salari2021accurate,
  title={Accurate simulation of operating system updates in neuroimaging using Monte-Carlo arithmetic},
  author={Salari, Ali and Chatelain, Yohan and Kiar, Gregory and Glatard, Tristan},
  journal={arXiv preprint arXiv:2108.03129},
  year={2021}
}

@article{glasser2016multi,
  title={A multi-modal parcellation of human cerebral cortex},
  author={Glasser, Matthew F and Coalson, Timothy S and Robinson, Emma C and Hacker, Carl D and Harwell, John and Yacoub, Essa and Ugurbil, Kamil and Andersson, Jesper and Beckmann, Christian F and Jenkinson, Mark and others},
  journal={Nature},
  volume={536},
  number={7615},
  pages={171--178},
  year={2016},
  publisher={Nature Publishing Group}
}

@article{jenkinson2012fsl,
  title={{FSL}},
  author={Jenkinson, Mark and Beckmann, Christian F and Behrens, Timothy EJ and Woolrich, Mark W and Smith, Stephen M},
  journal={Neuroimage},
  volume={62},
  number={2},
  pages={782--790},
  year={2012},
  publisher={Elsevier}
}

@article{cox1996afni,
  title={AFNI: software for analysis and visualization of functional magnetic resonance neuroimages},
  author={Cox, Robert W},
  journal={Computers and Biomedical research},
  volume={29},
  number={3},
  pages={162--173},
  year={1996},
  publisher={Elsevier}
}

@book{penny2011statistical,
  title={Statistical parametric mapping: the analysis of functional brain images},
  author={Penny, William D and Friston, Karl J and Ashburner, John T and Kiebel, Stefan J and Nichols, Thomas E},
  year={2011},
  publisher={Elsevier}
}




################
@article{Glatard2015,
  title={Reproducibility of neuroimaging analyses across operating systems},
  author={Glatard, Tristan and Lewis, Lindsay B. and Ferreira da Silva, Rafael and Adalat, Reza and Beck, Natacha and Lepage, Claude and Rioux, Pierre and Rousseau, Marc-Etienne and Sherif, Tarek and Deelman, Ewa and Khalili-Mahani, Najmeh and Evans, Alan C.},
  journal={Frontiers in Neuroinformatics},
  volume={9},
  pages={12},
  year={2015}
}



@techreport{andersson2007non,
  title={{Non-linear registration, aka Spatial normalisation FMRIB}},
  author={Andersson, Jesper LR and Jenkinson, Mark and Smith, Stephen and others},
  institution={{FMRIB} Analysis Group of the University of Oxford},
  number={TR07JA2},
  year={2007}
}




@article{esteban2019fmriprep,
  title={{fMRIPrep}: a robust preprocessing pipeline for functional {MRI}},
  author={Esteban, Oscar and Markiewicz, Christopher J and Blair, Ross W and Moodie, Craig A and Isik, A Ilkay and Erramuzpe, Asier and Kent, James D and Goncalves, Mathias and DuPre, Elizabeth and Snyder, Madeleine and others},
  journal={Nature methods},
  volume={16},
  number={1},
  pages={111--116},
  year={2019},
  publisher={Nature Publishing Group}
}


@article{botvinik2020variability,
  title={Variability in the analysis of a single neuroimaging dataset by many teams},
  author={Botvinik-Nezer, Rotem and Holzmeister, Felix and Camerer, Colin F and Dreber, Anna and Huber, Juergen and Johannesson, Magnus and Kirchler, Michael and Iwanir, Roni and Mumford, Jeanette A and Adcock, R Alison and others},
  journal={Nature},
  volume={582},
  number={7810},
  pages={84--88},
  year={2020},
  publisher={Nature Publishing Group}
}

@article{Gronenschild2012,
author = {Gronenschild, Ed H B M and Habets, Petra and Jacobs, Heidi I L and Mengelers, Ron and Rozendaal, Nico and van Os, Jim and Marcelis, Machteld},
journal = {PloS one},
month = jan,
number = {6},
pages = {e38234},
title = {{The effects of FreeSurfer version, workstation type, and Macintosh operating system version on anatomical volume and cortical thickness measurements.}},
volume = {7},
year = {2012}
}

@BOOK{Parker1997-qq,
  title     = "Monte Carlo Arithmetic: exploiting randomness in floating-point arithmetic",
  author    = "Parker, Douglass Stott",
  publisher = "University of California (Los Angeles). Computer Science Department",
  year      =  1997
}


@INPROCEEDINGS{denis2015verificarlo,
title={{Verificarlo: Checking Floating Point Accuracy through Monte Carlo Arithmetic}},
author={Denis, Christophe and de Oliveira Castro, Pablo  and Petit, Eric},
booktitle={2016 IEEE 23nd Symposium on Computer Arithmetic (ARITH)},
year={2016},
volume={},
number={},
pages={55-62}
}

@inproceedings{chatelain2018veritracer,
  title={VeriTracer: Context-enriched tracer for floating-point arithmetic analysis},
  author={Chatelain, Yohan and de Oliveira Castro, Pablo and Petit, Eric and Defour, David and Bieder, Jordan and Torrent, Marc},
  booktitle={2018 IEEE 25th Symposium on Computer Arithmetic (ARITH)},
  pages={61--68},
  year={2018},
  organization={IEEE}
}

@article{hodges1958significance,
  title={The significance probability of the Smirnov two-sample test},
  author={Hodges, JL},
  journal={Arkiv f{\"o}r Matematik},
  volume={3},
  number={5},
  pages={469--486},
  year={1958},
  publisher={Springer}
}

@inproceedings{roy2018inherent,
  title={Inherent brain segmentation quality control from fully convnet monte carlo sampling},
  author={Roy, Abhijit Guha and Conjeti, Sailesh and Navab, Nassir and Wachinger, Christian},
  booktitle={International Conference on Medical Image Computing and Computer-Assisted Intervention},
  pages={664--672},
  year={2018},
  organization={Springer}
}


@article{glasser2013,
  title={The minimal preprocessing pipelines for the {Human Connectome Project}},
  author={Glasser, Matthew F and Sotiropoulos, Stamatios N and Wilson, J Anthony and Coalson, Timothy S and Fischl, Bruce and Andersson, Jesper L and Xu, Junqian and Jbabdi, Saad and Webster, Matthew and Polimeni, Jonathan R and others},
  journal={Neuroimage},
  volume={80},
  pages={105--124},
  year={2013},
  publisher={Elsevier}
}


@article{van2013wu,
  title={The WU-Minn {Human Connectome Project}: an overview},
  author={Van Essen, David C and Smith, Stephen M and Barch, Deanna M and Behrens, Timothy EJ and Yacoub, Essa and Ugurbil, Kamil and Wu-Minn HCP Consortium and others},
  journal={Neuroimage},
  volume={80},
  pages={62--79},
  year={2013},
  publisher={Elsevier}
}

@article{jenkinson2001global,
  title={A global optimisation method for robust affine registration of brain images},
  author={Jenkinson, Mark and Smith, Stephen},
  journal={Medical image analysis},
  volume={5},
  number={2},
  pages={143--156},
  year={2001},
  publisher={Elsevier}
}


@article{jenkinson2002improved,
  title={Improved optimization for the robust and accurate linear registration and motion correction of brain images},
  author={Jenkinson, Mark and Bannister, Peter and Brady, Michael and Smith, Stephen},
  journal={Neuroimage},
  volume={17},
  number={2},
  pages={825--841},
  year={2002},
  publisher={Elsevier}
}

@inproceedings{glasser2011comparison,
  title={Comparison of surface gradients derived from myelin maps and functional connectivity analysis},
  author={Glasser, MF and Laumann, T and Coalson, T and Cohen, A and Snyder, A and Schlaggar, B and Petersen, S and Van Essen, D},
  booktitle={Annual Meeting of the Organization for Human Brain Mapping},
  year={2011}
}


@article{kiar2020comparing,
  title={Comparing perturbation models for evaluating stability of neuroimaging pipelines},
  author={Kiar, Gregory and de Oliveira Castro, Pablo and Rioux, Pierre and Petit, Eric and Brown, Shawn T and Evans, Alan C and Glatard, Tristan},
  journal={The International Journal of High Performance Computing Applications},
  volume={34},
  number={5},
  pages={491--501},
  year={2020},
  publisher={SAGE Publications Sage UK: London, England}
}

@article{kiar2020numerical,
  title={***}
}

@article{kiar2020data,
title={***}
}

@article{salari2020spot,
title={***}
}
